@article{berrendero2019rkhs,
  title={An RKHS model for variable selection in functional linear regression},
  author={Berrendero, Jos{\'e} R and Bueno-Larraz, Beatriz and Cuevas, Antonio},
  journal={Journal of Multivariate Analysis},
  volume={170},
  pages={25--45},
  year={2019},
  publisher={Elsevier}
}

@article{berrendero2018functional,
      title={On functional logistic regression: some conceptual issues},
      author={José R. Berrendero and Beatriz Bueno-Larraz and Antonio Cuevas},
      year={2018},
      journal={arXiv preprint arXiv:1812.00721}
}

@article{grollemund2019bayesian,
  title={Bayesian functional linear regression with sparse step functions},
  author={Grollemund, Paul-Marie and Abraham, Christophe and Baragatti, Meïli and Pudlo, Pierre},
  journal={Bayesian Analysis},
  volume={14},
  number={1},
  pages={111--135},
  year={2019},
  publisher={International Society for Bayesian Analysis}
}

@article{foreman2013emcee,
  title={emcee: the MCMC hammer},
  author={Foreman-Mackey, Daniel and Hogg, David W and Lang, Dustin and Goodman, Jonathan},
  journal={Publications of the Astronomical Society of the Pacific},
  volume={125},
  number={925},
  pages={306},
  year={2013},
  publisher={IOP Publishing}
}
