% Encoding: UTF-8

@article{grollemund2019bayesian,
  title={Bayesian functional linear regression with sparse step functions},
  author={Grollemund, Paul-Marie and Abraham, Christophe and Baragatti, Me√Øli and Pudlo, Pierre},
  journal={Bayesian Analysis},
  volume={14},
  number={1},
  pages={111--135},
  year={2019},
  publisher={International Society for Bayesian Analysis}
}

@article{metropolis1953equation,
  title={Equation of state calculations by fast computing machines},
  author={Metropolis, Nicholas and Rosenbluth, Arianna W and Rosenbluth, Marshall N and Teller, Augusta H and Teller, Edward},
  journal={The journal of chemical physics},
  volume={21},
  number={6},
  pages={1087--1092},
  year={1953},
  publisher={American Institute of Physics}
}

@article{geman1984stochastic,
  author={Geman, Stuart and Geman, Donald},
  journal={IEEE Transactions on Pattern Analysis and Machine Intelligence},
  title={Stochastic Relaxation, Gibbs Distributions, and the Bayesian Restoration of Images},
  year={1984},
  volume={PAMI-6},
  number={6},
  pages={721-741},
  doi={10.1109/TPAMI.1984.4767596}
}

@article{goodman2010ensemble,
  title={Ensemble samplers with affine invariance},
  author={Goodman, Jonathan and Weare, Jonathan},
  journal={Communications in applied mathematics and computational science},
  volume={5},
  number={1},
  pages={65--80},
  year={2010},
  publisher={Mathematical Sciences Publishers}
}


@article{green1995reversible,
  title={Reversible jump Markov chain Monte Carlo computation and Bayesian model determination},
  author={Green, Peter J},
  journal={Biometrika},
  volume={82},
  number={4},
  pages={711--732},
  year={1995},
  publisher={Oxford University Press}
}


@article{hoffman2014no,
  title={The No-U-Turn sampler: adaptively setting path lengths in Hamiltonian Monte Carlo.},
  author={Hoffman, Matthew D and Gelman, Andrew and others},
  journal={J. Mach. Learn. Res.},
  volume={15},
  number={1},
  pages={1593--1623},
  year={2014}
}


@article{jaewook2015metamodel,
author = {Lee, Jaewook and Sung, Woosuk and Choi, Joo-Ho},
year = {2015},
month = {06},
pages = {5538-5554},
title = {Metamodel for Efficient Estimation of Capacity-Fade Uncertainty in Li-Ion Batteries for Electric Vehicles},
volume = {8},
journal = {Energies},
doi = {10.3390/en8065538}
}


@article{foreman2013emcee,
  title={emcee: the MCMC hammer},
  author={Foreman-Mackey, Daniel and Hogg, David W and Lang, Dustin and Goodman, Jonathan},
  journal={Publications of the Astronomical Society of the Pacific},
  volume={125},
  number={925},
  pages={306},
  year={2013},
  publisher={IOP Publishing}
}

@article{salvatier2016probabilistic,
  title={Probabilistic programming in Python using PyMC3},
  author={Salvatier, John and Wiecki, Thomas V and Fonnesbeck, Christopher},
  journal={PeerJ Computer Science},
  volume={2},
  pages={e55},
  year={2016},
  publisher={PeerJ Inc.}
}

@book{wahba1990spline,
  title={Spline models for observational data},
  author={Wahba, Grace},
  year={1990},
  publisher={SIAM}
}

@article{hajek1962linear,
  title={On linear statistical problems in stochastic processes},
  author={H{\'a}jek, Jaroslav},
  journal={Czechoslovak Mathematical Journal},
  volume={12},
  number={3},
  pages={404--444},
  year={1962},
  publisher={Institute of Mathematics, Academy of Sciences of the Czech Republic}
}


@article{parzen1961approach,
  title={An approach to time series analysis},
  author={Parzen, Emanuel},
  journal={The Annals of Mathematical Statistics},
  pages={951--989},
  year={1961},
  publisher={JSTOR}
}

@book{hsing2015theoretical,
  title={Theoretical foundations of functional data analysis, with an introduction to linear operators},
  author={Hsing, Tailen and Eubank, Randall},
  volume={997},
  year={2015},
  publisher={John Wiley \& Sons}
}

@book{paulsen2016introduction,
  title={An Introduction to the Theory of Reproducing Kernel Hilbert Spaces},
  author={Paulsen, V.I. and Raghupathi, M.},
  isbn={9781107104099},
  lccn={2015042446},
  series={Cambridge Studies in Advanced Mathematics},
  url={https://books.google.es/books?id=rEfGCwAAQBAJ},
  year={2016},
  publisher={Cambridge University Press}
}
