% Bibliography of the thesis

@String{JASA  = {{Journal of the American Statistical Association}}}
@String{JCGS  = {{Journal of Computational and Graphical Statistics}}}
@String{JRSSA = {{Journal of the Royal Statistical Society - Series A}}}
@String{JRSSB = {{Journal of the Royal Statistical Society - Series B}}}

@book{hsing2015theoretical,
  title={Theoretical foundations of functional data analysis, with an introduction to linear operators},
  author={Hsing, Tailen and Eubank, Randall},
  volume={997},
  year={2015},
  publisher={John Wiley \& Sons}
}

@book{saitoh2016theory,
  title={Theory of reproducing kernels and applications},
  author={Saitoh, Saburou and Sawano, Yoshihiro},
  year={2016},
  publisher={Springer}
}

@book{murphy2012machine,
  title={Machine learning: a probabilistic perspective},
  author={Murphy, Kevin P},
  year={2012},
  publisher={MIT press}
}

@book{bishop2006pattern,
  title={Pattern recognition and machine learning},
  author={Bishop, Christopher M},
  volume={4},
  number={4},
  year={2006},
  publisher={Springer}
}



@incollection{loeve1948fonctions,
  title={Fonctions aléatoires du second ordre},
  author={Lo{\`e}ve, M.},
  booktitle={Processus stochastiques et mouvement Brownien (P. Lévy)},
  pages={299--352},
  publisher={Gauthier-Villars},
  address={Paris},
  year={1948}
}

@book{janson1997gaussian,
  title={Gaussian Hilbert Spaces},
  author={Janson, Svante and others},
  number={129},
  year={1997},
  publisher={Cambridge university press}
}

@book{wahba1990spline,
  title={Spline models for observational data},
  author={Wahba, Grace},
  year={1990},
  publisher={SIAM}
}



@book{brooks2011handbook,
  title={Handbook of Markov Chain Monte Carlo},
  author={Brooks, Steve and Gelman, Andrew and Jones, Galin and Meng, Xiao-Li},
  year={2011},
  publisher={CRC press}
}


@inproceedings{scholkopf2001generalized,
  title={A generalized representer theorem},
  author={Sch{\"o}lkopf, Bernhard and Herbrich, Ralf and Smola, Alex J},
  booktitle={International conference on computational learning theory},
  pages={416--426},
  year={2001},
  organization={Springer}
}



@inproceedings{rasmussen2004gaussian,
  author={Rasmussen, Carl Edward},
  title={Gaussian Processes in Machine Learning},
  booktitle={Advanced Lectures on Machine Learning: ML Summer Schools 2003, Revised Lectures},
  year={2004},
  publisher={Springer},
  pages={63--71},
  isbn={978-3-540-28650-9},
  doi={10.1007/978-3-540-28650-9_4},
}

@book{shi2011gaussian,
  title={Gaussian process regression analysis for functional data},
  author={Shi, Jian Qing and Choi, Taeryon},
  year={2011},
  publisher={CRC Press}
}

@book{ferraty2006nonparametric,
  title={Nonparametric functional data analysis: theory and practice},
  author={Ferraty, Fr{\'e}d{\'e}ric and Vieu, Philippe},
  volume={76},
  year={2006},
  publisher={Springer}
}


@book{berlinet2004reproducing,
  title={Reproducing kernel Hilbert spaces in probability and statistics},
  author={Berlinet, Alain and Thomas-Agnan, Christine},
  year={2004},
  isbn={978-1-4020-7679-4},
  doi={https://doi.org/10.1007/978-1-4419-9096-9},
  publisher={Springer}
}

@book{horvath2012inference,
  title={Inference for Functional Data with Applications},
  author={Horv{\'a}th, L. and Kokoszka, P.},
  isbn={9781461436553},
  lccn={2012937071},
  series={Springer Series in Statistics},
  year={2012},
  publisher={Springer New York}
}

@book{ramsay2005functional,
  title={Functional Data Analysis},
  author={Ramsay, James O and Silverman, Bernhard W},
  publisher={Springer},
  doi={https://doi.org/10.1007/b98888},
  isbn={978-0-387-40080-8},
  year={2005}
}

@article{vapnik1991principles,
  title={Principles of risk minimization for learning theory},
  author={Vapnik, Vladimir},
  journal={Advances in neural information processing systems},
  volume={4},
  year={1991}
}

@article{blei2017variational,
  title={Variational inference: A review for statisticians},
  author={Blei, David M and Kucukelbir, Alp and McAuliffe, Jon D},
  journal={Journal of the American Statistical Association},
  volume={112},
  number={518},
  pages={859--877},
  year={2017},
  publisher={Taylor \& Francis}
}



@article{berrendero2019rkhs,
  title={An RKHS model for variable selection in functional linear regression},
  author={Berrendero, Jos{\'e} R and Bueno-Larraz, Beatriz and Cuevas, Antonio},
  journal={Journal of Multivariate Analysis},
  volume={170},
  pages={25--45},
  year={2019},
  publisher={Elsevier}
}

@article{neal2011mcmc,
  title={MCMC using Hamiltonian dynamics},
  author={Neal, Radford M and others},
  journal={Handbook of markov chain monte carlo},
  volume={2},
  number={11},
  pages={2},
  year={2011},
  publisher={Chapman and Hall/CRC}
}

@article{sun2019functional,
  title={Functional variational Bayesian neural networks},
  author={Sun, Shengyang and Zhang, Guodong and Shi, Jiaxin and Grosse, Roger},
  journal={arXiv preprint arXiv:1903.05779},
  year={2019}
}



@article{chib1995understanding,
  title={Understanding the metropolis-hastings algorithm},
  author={Chib, Siddhartha and Greenberg, Edward},
  journal={The american statistician},
  volume={49},
  number={4},
  pages={327--335},
  year={1995},
  publisher={Taylor \& Francis}
}

@incollection{cardot2011functional,
  title={Functional Linear Regression},
  author={Cardot, H and Sarda, P},
  year={2011},
  booktitle={The Oxford Handbook of Functional Data Analysis},
  editor={Ferraty, F and Romain, Y},
  publisher={Oxford University Press},
  pages={21--46}
}

@article{muller2005generalized,
  title={Generalized functional linear models},
  author={M{\"u}ller, Hans-Georg and Stadtm{\"u}ller, Ulrich},
  journal={the Annals of Statistics},
  volume={33},
  number={2},
  pages={774--805},
  year={2005},
  publisher={Institute of Mathematical Statistics}
}

@article{james2009functional,
  title={Functional linear regression that’s interpretable},
  author={James, Gareth M and Wang, Jing and Zhu, Ji},
  journal={The Annals of Statistics},
  volume={37},
  number={5A},
  pages={2083--2108},
  year={2009},
  publisher={Institute of Mathematical Statistics}
}

@article{yuan2010reproducing,
  title={A reproducing kernel Hilbert space approach to functional linear regression},
  author={Yuan, Ming and Cai, T Tony},
  journal={The Annals of Statistics},
  volume={38},
  number={6},
  pages={3412--3444},
  year={2010},
  publisher={Institute of Mathematical Statistics}
}


@article{reiss2017methods,
  title={Methods for scalar-on-function regression},
  author={Reiss, Philip T and Goldsmith, Jeff and Shang, Han Lin and Ogden, R Todd},
  journal={International Statistical Review},
  volume={85},
  number={2},
  pages={228--249},
  year={2017},
  publisher={Wiley Online Library}
}


@article{goodman2010ensemble,
  title={Ensemble samplers with affine invariance},
  author={Goodman, Jonathan and Weare, Jonathan},
  journal={Communications in applied mathematics and computational science},
  volume={5},
  number={1},
  pages={65--80},
  year={2010},
  publisher={Mathematical Sciences Publishers}
}


@article{foreman2013emcee,
  title={emcee: the MCMC hammer},
  author={Foreman-Mackey, Daniel and Hogg, David W and Lang, Dustin and Goodman, Jonathan},
  journal={Publications of the Astronomical Society of the Pacific},
  volume={125},
  number={925},
  pages={306},
  year={2013},
  publisher={IOP Publishing}
}


@article{geman1984stochastic,
  author={Geman, Stuart and Geman, Donald},
  journal={IEEE Transactions on Pattern Analysis and Machine Intelligence},
  title={Stochastic Relaxation, Gibbs Distributions, and the Bayesian Restoration of Images},
  year={1984},
  volume={PAMI-6},
  number={6},
  pages={721-741},
  doi={10.1109/TPAMI.1984.4767596}
}



@article{metropolis1953equation,
  title={Equation of state calculations by fast computing machines},
  author={Metropolis, Nicholas and Rosenbluth, Arianna W and Rosenbluth, Marshall N and Teller, Augusta H and Teller, Edward},
  journal={The journal of chemical physics},
  volume={21},
  number={6},
  pages={1087--1092},
  year={1953},
  publisher={American Institute of Physics}
}

@article{jaewook2015metamodel,
author = {Lee, Jaewook and Sung, Woosuk and Choi, Joo-Ho},
year = {2015},
month = {06},
pages = {5538-5554},
title = {Metamodel for Efficient Estimation of Capacity-Fade Uncertainty in Li-Ion Batteries for Electric Vehicles},
volume = {8},
journal = {Energies},
doi = {10.3390/en8065538}
}



@article{ferraty2010most,
  title={Most-predictive design points for functional data predictors},
  author={Ferraty, Fr{\'e}d{\'e}ric and Hall, P and Vieu, Philippe},
  journal={Biometrika},
  volume={97},
  number={4},
  pages={807--824},
  year={2010},
  publisher={Oxford University Press}
}

@article{poss2020superconsistent,
  title={Superconsistent estimation of points of impact in non-parametric regression with functional predictors},
  author={Po{\ss}, Dominik and Liebl, Dominik and Kneip, Alois and Eisenbarth, Hedwig and Wager, Tor D and Barrett, Lisa Feldman},
  journal={Journal of the Royal Statistical Society: Series B (Statistical Methodology)},
  volume={82},
  number={4},
  pages={1115--1140},
  year={2020},
  publisher={Wiley Online Library}
}

@article{berrendero2016variable,
  title={Variable selection in functional data classification: a maxima-hunting proposal},
  author={Berrendero, Jos{\'e} R and Cuevas, Antonio and Torrecilla, Jos{\'e} L},
  journal={Statistica Sinica},
  pages={619--638},
  year={2016},
  publisher={JSTOR}
}

@article{grollemund2019bayesian,
author = {Paul-Marie Grollemund and Christophe Abraham and Meïli Baragatti and Pierre Pudlo},
title = {{Bayesian Functional Linear Regression with Sparse Step Functions}},
volume = {14},
journal = {Bayesian Analysis},
number = {1},
publisher = {International Society for Bayesian Analysis},
pages = {111 -- 135},
keywords = {Bayesian regression, functional data, parsimony, support estimate},
year = {2019},
doi = {10.1214/18-BA1095},
}

@article{cuevas2014partial,
  title={A partial overview of the theory of statistics with functional data},
  author={Cuevas, Antonio},
  journal={Journal of Statistical Planning and Inference},
  volume={147},
  pages={1--23},
  year={2014},
  publisher={Elsevier}
}

@book{gelman2013bayesian,
  title={Bayesian Data Analysis},
  author={Gelman, Andrew and Carlin, John B and Stern, Hal S and Dunson, David B and Vehtari, Aki and Rubin, Donald B},
  year={2013},
  publisher={Chapman and Hall/CRC}
}

@article{firth1993bias,
  title={Bias reduction of maximum likelihood estimates},
  author={Firth, David},
  journal={Biometrika},
  volume={80},
  number={1},
  pages={27--38},
  year={1993},
  publisher={Oxford University Press}
}

@article{piironen2017comparison,
  title={Comparison of Bayesian predictive methods for model selection},
  author={Piironen, Juho and Vehtari, Aki},
  journal={Statistics and Computing},
  volume={27},
  number={3},
  pages={711--735},
  year={2017},
  publisher={Springer}
}


@article{parzen1961approach,
  title={An approach to time series analysis},
  author={Parzen, Emanuel},
  journal={The Annals of Mathematical Statistics},
  volume={32},
  number={4},
  pages={951--989},
  year={1961},
  publisher={Institute of Mathematical Statistics}
}

@article{aguilera2013comparative,
  title={Comparative study of different B-spline approaches for functional data},
  author={Aguilera, Ana M. and Aguilera-Morillo, M.C.},
  journal={Mathematical and Computer Modelling},
  volume={58},
  number={7-8},
  pages={1568--1579},
  year={2013},
  publisher={Elsevier}
}

@article{albert1984existence,
  title={On the existence of maximum likelihood estimates in logistic regression models},
  author={Albert, Adelin and Anderson, John A},
  journal={Biometrika},
  volume={71},
  number={1},
  pages={1--10},
  year={1984},
  publisher={Oxford University Press}
}


@article{ullah2013applications,
  title={Applications of functional data analysis: A systematic review},
  author={Ullah, Shahid and Finch, Caroline F},
  journal={BMC medical research methodology},
  volume={13},
  number={1},
  pages={1--12},
  year={2013},
  publisher={Springer}
}


@article{lukic2001stochastic,
  title={Stochastic processes with sample paths in reproducing kernel Hilbert spaces},
  author={Luki{\'c}, Milan and Beder, Jay},
  journal={Transactions of the American Mathematical Society},
  volume={353},
  number={10},
  pages={3945--3969},
  year={2001}
}

@article{mercer1909functions,
  title={Functions of positive and negative type, and their connection the theory of integral equations},
  author={Mercer, James},
  journal={Philosophical Transactions of the Royal Society A},
  volume={209},
  issue={441--458},
  pages={415--446},
  year={1909},
  doi={Philosophical Transactions of the Royal Society A}
}

@book{bosq2000linear,
  title={Linear processes in function spaces: theory and applications},
  author={Bosq, Denis},
  volume={149},
  year={2000},
  publisher={Springer Science \& Business Media}
}

@article{zellner1986assessing,
  title={On assessing prior distributions and Bayesian regression analysis with g-prior distributions},
  author={Zellner, Arnold},
  journal={Bayesian inference and decision techniques},
  year={1986},
  publisher={Elsevier Science}
}


@article{baragatti2012study,
  title={A study of variable selection using g-prior distribution with ridge parameter},
  author={Baragatti, Me{\i}li and Pommeret, Denys},
  journal={Computational Statistics \& Data Analysis},
  volume={56},
  number={6},
  pages={1920--1934},
  year={2012},
  publisher={Elsevier}
}


@article{jeffreys1946invariant,
  title={An invariant form for the prior probability in estimation problems},
  author={Jeffreys, Harold},
  journal={Proceedings of the Royal Society of London. Series A. Mathematical and Physical Sciences},
  volume={186},
  number={1007},
  pages={453--461},
  year={1946},
  publisher={The Royal Society London}
}

@article{berrendero2020mahalanobis,
  title={On Mahalanobis Distance in Functional Settings.},
  author={Berrendero, Jos{\'e} R and Bueno-Larraz, Beatriz and Cuevas, Antonio},
  journal={Journal of Machine Learning Research},
  volume={21},
  number={9},
  pages={1--33},
  year={2020}
}

@article{torrecilla2020optimal,
  title={Optimal classification of Gaussian processes in homo-and heteroscedastic settings},
  author={Torrecilla, Jos{\'e} L and Ramos-Carre{\~n}o, Carlos and S{\'a}nchez-Monta{\~n}{\'e}s, Manuel and Su{\'a}rez, Alberto},
  journal={Statistics and Computing},
  volume={30},
  number={4},
  pages={1091--1111},
  year={2020},
  publisher={Springer}
}

@article{delaigle2012achieving,
  title={Achieving near perfect classification for functional data},
  author={Delaigle, Aurore and Hall, Peter},
  journal={Journal of the Royal Statistical Society: Series B (Statistical Methodology)},
  volume={74},
  number={2},
  pages={267--286},
  year={2012},
  publisher={Wiley Online Library}
}



@article{delaigle2012methodology,
  title={Methodology and theory for partial least squares applied to functional data},
  author={Delaigle, Aurore and Hall, Peter},
  journal={The Annals of Statistics},
  volume={40},
  number={1},
  pages={322--352},
  year={2012},
  publisher={Institute of Mathematical Statistics}
}


@article{berrendero2018use,
  title={On the use of reproducing kernel Hilbert spaces in functional classification},
  author={Berrendero, Jos{\'e} R and Cuevas, Antonio and Torrecilla, Jos{\'e} L},
  journal={Journal of the American Statistical Association},
  volume={113},
  number={523},
  pages={1210--1218},
  year={2018},
  publisher={Taylor \& Francis}
}

@article{berrendero2018functional,
      title={On functional logistic regression: some conceptual issues},
      author={José R. Berrendero and Beatriz Bueno-Larraz and Antonio Cuevas},
      year={2018},
      journal={arXiv preprint arXiv:1812.00721}
}

@article{berrendero2020general,
  title={On a general definition of the functional linear model},
  author={Berrendero, Jos{\'e} R and Cholaquidis, Alejandro and Cuevas, Antonio},
  journal={arXiv preprint arXiv:2011.05441},
  year={2020}
}
