%% BiBTeX database for models.tex bibliography

@String{JASA  = {{Journal of the American Statistical Association}}}
@String{JCGS  = {{Journal of Computational and Graphical Statistics}}}
@String{JRSSA = {{Journal of the Royal Statistical Society - Series A}}}
@String{JRSSB = {{Journal of the Royal Statistical Society - Series B}}}

@book{hsing2015theoretical,
  title={Theoretical foundations of functional data analysis, with an introduction to linear operators},
  author={Hsing, Tailen and Eubank, Randall},
  volume={997},
  year={2015},
  publisher={John Wiley \& Sons}
}

@book{berlinet2004reproducing,
  title={Reproducing kernel Hilbert spaces in probability and statistics},
  author={Berlinet, Alain and Thomas-Agnan, Christine},
  year={2004},
  isbn={978-1-4020-7679-4},
  doi={https://doi.org/10.1007/978-1-4419-9096-9},
  publisher={Springer}
}

@article{ramsay2005functional,
  title={Functional data analysis},
  author={Ramsay, James O and Silverman, Bernhard W},
  publisher={Springer},
  doi={https://doi.org/10.1007/b98888},
  isbn={978-0-387-40080-8},
  year={2005}
}

@article{berrendero2019rkhs,
  title={An RKHS model for variable selection in functional linear regression},
  author={Berrendero, Jos{\'e} R and Bueno-Larraz, Beatriz and Cuevas, Antonio},
  journal={Journal of Multivariate Analysis},
  volume={170},
  pages={25--45},
  year={2019},
  publisher={Elsevier}
}

@article{cuevas2014partial,
  title={A partial overview of the theory of statistics with functional data},
  author={Cuevas, Antonio},
  journal={Journal of Statistical Planning and Inference},
  volume={147},
  pages={1--23},
  year={2014},
  publisher={Elsevier}
}
