%% BiBTeX database for models.tex bibliography
%%
%% bibtexfile{
%%  author      = "James W. Hardin",
%%  version     = "1.00",
%%  date        = "14 March 1999",
%%  filename    = "models.bib",
%%  address     = "Department of Statistics
%%                 Texas A\&M University
%%                 Mail Stop 3143
%%                 College Station, TX
%%                 77843-3143
%%                 USA",
%%  email       = "<jhardin at stat.tamu.edu>" }

@String{JASA  = {{Journal of the American Statistical Association}}}
@String{JCGS  = {{Journal of Computational and Graphical Statistics}}}
@String{JRSSA = {{Journal of the Royal Statistical Society - Series A}}}
@String{JRSSB = {{Journal of the Royal Statistical Society - Series B}}}

@book{hsing2015theoretical,
  title={Theoretical foundations of functional data analysis, with an introduction to linear operators},
  author={Hsing, Tailen and Eubank, Randall},
  volume={997},
  year={2015},
  publisher={John Wiley \& Sons}
}
